<record><leader>00000cas a22000007a 4500</leader><controlfield tag="001">44104167</controlfield><controlfield tag="008">000523c20009999cauwr ne      0   a0eng c</controlfield><datafield ind1=" " ind2=" " tag="010"><subfield code="a">  2001213443</subfield></datafield><datafield ind1=" " ind2=" " tag="040"><subfield code="a">CPS</subfield><subfield code="b">eng</subfield><subfield code="c">CPS</subfield><subfield code="d">NSD</subfield><subfield code="d">OCLCQ</subfield><subfield code="d">OCLCF</subfield><subfield code="d">OCLCO</subfield></datafield><datafield ind1=" " ind2=" " tag="012"><subfield code="l">1</subfield><subfield code="m">1</subfield></datafield><datafield ind1="0" ind2=" " tag="022"><subfield code="a">1536-1748</subfield><subfield code="l">1536-1748</subfield><subfield code="2">1</subfield></datafield><datafield ind1="1" ind2=" " tag="029"><subfield code="a">AU@</subfield><subfield code="b">000022846760</subfield></datafield><datafield ind1=" " ind2=" " tag="032"><subfield code="a">565660</subfield><subfield code="b">USPS</subfield></datafield><datafield ind1=" " ind2=" " tag="037"><subfield code="b">Paso Robles Communications Group, P.O. Box 427, Paso Robles, CA 93447-0427</subfield><subfield code="c">$25.00</subfield></datafield><datafield ind1=" " ind2=" " tag="037"><subfield code="b">1414 Park Street, P.O. Box 427, Paso Robles, CA 93447-0427</subfield></datafield><datafield ind1=" " ind2=" " tag="042"><subfield code="a">pcc</subfield><subfield code="a">nsdp</subfield></datafield><datafield ind1=" " ind2=" " tag="043"><subfield code="a">n-us-ca</subfield></datafield><datafield ind1="1" ind2="0" tag="082"><subfield code="a">070</subfield><subfield code="2">13</subfield></datafield><datafield ind1="0" ind2=" " tag="130"><subfield code="a">Paso Robles press (2000)</subfield></datafield><datafield ind1="0" ind2=" " tag="210"><subfield code="a">Paso Robles press</subfield><subfield code="b">(2000)</subfield></datafield><datafield ind1=" " ind2="0" tag="222"><subfield code="a">Paso Robles press</subfield><subfield code="b">(2000)</subfield></datafield><datafield ind1="1" ind2="0" tag="245"><subfield code="a">Paso Robles press.</subfield></datafield><datafield ind1=" " ind2=" " tag="260"><subfield code="a">Paso Robles, CA :</subfield><subfield code="b">Paso Robles Communications Group,</subfield><subfield code="c">2000-</subfield></datafield><datafield ind1=" " ind2=" " tag="300"><subfield code="a">v. :</subfield><subfield code="b">ill. ;</subfield><subfield code="c">58 cm.</subfield></datafield><datafield ind1=" " ind2=" " tag="310"><subfield code="a">Weekly</subfield></datafield><datafield ind1="1" ind2=" " tag="362"><subfield code="a">Began in Apr. 2000.</subfield></datafield><datafield ind1=" " ind2=" " tag="588"><subfield code="a">Description based on: Apr. 26, 2000.</subfield></datafield><datafield ind1=" " ind2=" " tag="588"><subfield code="a">Latest issue consulted: June 13-19, 2001.</subfield></datafield><datafield ind1=" " ind2="0" tag="651"><subfield code="a">Paso Robles (Calif.)</subfield><subfield code="v">Newspapers.</subfield></datafield><datafield ind1=" " ind2="0" tag="651"><subfield code="a">San Luis Obispo County (Calif.)</subfield><subfield code="v">Newspapers.</subfield></datafield><datafield ind1=" " ind2="7" tag="655"><subfield code="a">Newspapers.</subfield><subfield code="2">fast</subfield><subfield code="0">(OCoLC)fst01423814</subfield></datafield><datafield ind1=" " ind2="7" tag="651"><subfield code="a">California</subfield><subfield code="z">Paso Robles.</subfield><subfield code="2">fast</subfield><subfield code="0">(OCoLC)fst01229203</subfield></datafield><datafield ind1=" " ind2="7" tag="651"><subfield code="a">California</subfield><subfield code="z">San Luis Obispo County.</subfield><subfield code="2">fast</subfield><subfield code="0">(OCoLC)fst01215712</subfield></datafield><datafield ind1="0" ind2="0" tag="780"><subfield code="t">Country news-press</subfield><subfield code="w">(DLC)sn 99060632</subfield><subfield code="w">(OCoLC)36300457</subfield></datafield></record>